<?xml version="1.0" encoding="UTF-8"?><collection xmlns="http://www.loc.gov/MARC21/slim"><record><leader>00527nam--2200181-i-4500</leader><controlfield tag="001">000023335</controlfield><controlfield tag="002">20161230</controlfield><controlfield tag="005">20161230201035</controlfield><controlfield tag="008">060222s1000------------r-----000-0-fre-d</controlfield><datafield ind1=" " ind2=" " tag="040"><subfield code="a">IFIN-HH</subfield></datafield><datafield ind1=" " ind2=" " tag="041"><subfield code="a">fre</subfield></datafield><datafield ind1=" " ind2=" " tag="080"><subfield code="a">539.2(043)</subfield></datafield><datafield ind1="1" ind2=" " tag="100"><subfield code="a">Perrot, Francois</subfield></datafield><datafield ind1="1" ind2="0" tag="245"><subfield code="a">Calcul hartree-fock de la structure de bandes d'energie de quelques gaz rares solides et composes ioniques</subfield><subfield code="b">These</subfield><subfield code="c">Francois perrot</subfield></datafield><datafield ind1=" " ind2=" " tag="260"><subfield code="a">Paris</subfield><subfield code="b">Universite</subfield><subfield code="c">1972</subfield></datafield><datafield ind1=" " ind2=" " tag="300"><subfield code="a">75P</subfield></datafield><datafield ind1=" " ind2=" " tag="852"><subfield code="a">40344</subfield><subfield code="c">539.2</subfield></datafield><datafield ind1=" " ind2=" " tag="CAT"><subfield code="a">Sys</subfield><subfield code="c">20121023</subfield><subfield code="h">174407</subfield></datafield></record></collection>